@ARTICLE{2003ApJ...596.1142C,
   author = {{Cordes}, J.~M. and {McLaughlin}, M.~A.},
    title = "{Searches for Fast Radio Transients}",
  journal = {\apj},
   eprint = {astro-ph/0304364},
 keywords = {Extraterrestrial Intelligence, Gamma Rays: Bursts, Stars: Pulsars: General, Radio Continuum: General},
     year = 2003,
    month = oct,
   volume = 596,
    pages = {1142-1154},
      doi = {10.1086/378231},
   adsurl = {http://adsabs.harvard.edu/abs/2003ApJ...596.1142C},
  adsnote = {Provided by the SAO/NASA Astrophysics Data System}
}

@ARTICLE{2015MNRAS.451.3933P,
   author = {{Petroff}, E. and {Keane}, E.~F. and {Barr}, E.~D. and others},
    title = "{Identifying the source of perytons at the Parkes radio telescope}",
  journal = {\mnras},
archivePrefix = "arXiv",
   eprint = {1504.02165},
 primaryClass = "astro-ph.IM",
 keywords = {methods: data analysis, site testing, surveys},
     year = 2015,
    month = aug,
   volume = 451,
    pages = {3933-3940},
      doi = {10.1093/mnras/stv1242},
   adsurl = {http://adsabs.harvard.edu/abs/2015MNRAS.451.3933P},
  adsnote = {Provided by the SAO/NASA Astrophysics Data System}
}

@ARTICLE{data_challenge,
       author = {{Hopkins}, A.~M. and {Whiting}, M.~T. and {Seymour}, N. and others},
        title = "{The ASKAP/EMU Source Finding Data Challenge}",
      journal = {\pasa},
     keywords = {methods: data analysis, radio continuum: general, techniques: image processing, Astrophysics - Instrumentation and Methods for Astrophysics, Astrophysics - Astrophysics of Galaxies},
         year = 2015,
        month = oct,
       volume = {32},
          eid = {e037},
        pages = {e037},
          doi = {10.1017/pasa.2015.37},
archivePrefix = {arXiv},
       eprint = {1509.03931},
 primaryClass = {astro-ph.IM},
       adsurl = {https://ui.adsabs.harvard.edu/abs/2015PASA...32...37H},
      adsnote = {Provided by the SAO/NASA Astrophysics Data System}
}

@misc{RMtools,
       author = {{Purcell}, C.~R. and {Van Eck}, C.~L. and {West}, J. and {Sun}, X.~H. and {Gaensler}, B.~M.},
        title = "{RM-Tools: Rotation measure (RM) synthesis and Stokes QU-fitting}",
 howpublished = {Astrophysics Source Code Library, record ascl:2005.003},
         year = 2020,
        month = may,
          eid = {ascl:2005.003},
       adsurl = {https://ui.adsabs.harvard.edu/abs/2020ascl.soft05003P},
      adsnote = {Provided by the SAO/NASA Astrophysics Data System}
}


@article{Fletcher_2001,
   title={Hydrostatic equilibrium in a magnetized, warped Galactic disc},
   volume={325},
   ISSN={1365-2966},
   url={http://dx.doi.org/10.1046/j.1365-8711.2001.04418.x},
   DOI={10.1046/j.1365-8711.2001.04418.x},
   number={1},
   journal={Monthly Notices of the Royal Astronomical Society},
   publisher={Oxford University Press (OUP)},
   author={Fletcher, A. and Shukurov, A.},
   year={2001},
   month=jul, pages={312–320} }


@ARTICLE{Brentjens_2005,
       author = {{Brentjens}, M.~A. and {de Bruyn}, A.~G.},
        title = "{Faraday rotation measure synthesis}",
      journal = {\aap},
     keywords = {methods: data analysis, techniques: polarimetric, magnetic fields, polarization, ISM: magnetic fields, Cosmology: large-scale structure of Universe, Astrophysics},
         year = 2005,
        month = oct,
       volume = {441},
       number = {3},
        pages = {1217-1228},
          doi = {10.1051/0004-6361:20052990},
archivePrefix = {arXiv},
       eprint = {astro-ph/0507349},
 primaryClass = {astro-ph},
       adsurl = {https://ui.adsabs.harvard.edu/abs/2005A&A...441.1217B},
      adsnote = {Provided by the SAO/NASA Astrophysics Data System}
}



@inbook{Beck_cosmic, place={Cambridge}, series={Canary Islands Winter School of Astrophysics}, title={Magnetic Fields in Galaxies}, booktitle={Cosmic Magnetic Fields}, publisher={Cambridge University Press}, author={Beck, Rainer}, year={2018}, pages={123–160}, collection={Canary Islands Winter School of Astrophysics}}

%editor={Sánchez Almeida, Jorge and Martínez González, María Jesús}

@ARTICLE{burn_1966,
       author = {{Burn}, B.~J.},
        title = "{On the depolarization of discrete radio sources by Faraday dispersion}",
      journal = {\mnras},
         year = 1966,
        month = jan,
       volume = {133},
        pages = {67},
          doi = {10.1093/mnras/133.1.67},
       adsurl = {https://ui.adsabs.harvard.edu/abs/1966MNRAS.133...67B},
      adsnote = {Provided by the SAO/NASA Astrophysics Data System}
}

@article{Fermi_origin,
  title = {On the Origin of the Cosmic Radiation},
  author = {Fermi, ENRICO},
  journal = {Phys. Rev.},
  volume = {75},
  issue = {8},
  pages = {1169--1174},
  numpages = {0},
  year = {1949},
  month = {Apr},
  publisher = {American Physical Society},
  doi = {10.1103/PhysRev.75.1169},
  url = {https://link.aps.org/doi/10.1103/PhysRev.75.1169}
}

@ARTICLE{Ruzmaikin_and_Sokolov_1977,
       author = {{Ruzmaikin}, A.~A. and {Sokolov}, D.~D.},
        title = "{The Scale and Strength of the Galactic Magnetic Field According to the Pulsar Data}",
      journal = {\apss},
     keywords = {Electron Density (Concentration), Interstellar Magnetic Fields, Magnetic Flux, Pulsars, Density Distribution, Extragalactic Radio Sources, Faraday Effect, Stellar Rotation, Astrophysics},
         year = 1977,
        month = dec,
       volume = {52},
       number = {2},
        pages = {365-374},
          doi = {10.1007/BF01093873},
      adsnote = {Provided by the SAO/NASA Astrophysics Data System}
}

@misc{vanderwoude2024prototypefaradayrotationmeasure,
      title={Prototype Faraday rotation measure catalogs from the Polarisation Sky Survey of the Universe's Magnetism (POSSUM) pilot observations}, 
      author={S. Vanderwoude and J. L. West and B. M. Gaensler and others},
      year={2024},
      eprint={2403.15668},
      archivePrefix={arXiv},
      primaryClass={astro-ph.GA},
      url={https://arxiv.org/abs/2403.15668}, 
}

@ARTICLE{Taylor_20009,
       author = {{Taylor}, A.~R. and {Stil}, J.~M. and {Sunstrum}, C.},
        title = "{A Rotation Measure Image of the Sky}",
      journal = {\apj},
     keywords = {catalogs, Galaxy: halo, magnetic fields, polarization},
         year = 2009,
        month = sep,
       volume = {702},
       number = {2},
        pages = {1230-1236},
          doi = {10.1088/0004-637X/702/2/1230},
       adsurl = {https://ui.adsabs.harvard.edu/abs/2009ApJ...702.1230T},
      adsnote = {Provided by the SAO/NASA Astrophysics Data System}
}

@article{Hutschenreuter_2020,
   title={The Galactic Faraday depth sky revisited},
   volume={633},
   ISSN={1432-0746},
   url={http://dx.doi.org/10.1051/0004-6361/201935479},
   DOI={10.1051/0004-6361/201935479},
   journal={\aap},
   publisher={EDP Sciences},
   author={Hutschenreuter, Sebastian and Enßlin, Torsten A.},
   year={2020},
   month=jan, pages={A150} }

@article{Oppermann_2012,
   title={An improved map of the Galactic Faraday sky},
   volume={542},
   ISSN={1432-0746},
   url={http://dx.doi.org/10.1051/0004-6361/201118526},
   DOI={10.1051/0004-6361/201118526},
   journal={\aap},
   publisher={EDP Sciences},
   author={Oppermann, N. and Junklewitz, H. and Robbers, G. and others},
   year={2012},
   month=jun, pages={A93} }

@article{Fletcher_and_Shukurov_2006,
   title={Canals in Milky Way radio polarization maps},
   volume={371},
   ISSN={1745-3925},
   url={http://dx.doi.org/10.1111/j.1745-3933.2006.00200.x},
   DOI={10.1111/j.1745-3933.2006.00200.x},
   number={1},
   journal={Monthly Notices of the Royal Astronomical Society: Letters},
   publisher={Oxford University Press (OUP)},
   author={Fletcher, A. and Shukurov, A.},
   year={2006},
   month=sep, pages={L21–L25} }


@article{Arshakian_and_Beck_2011,
author = {Arshakian, Tigran G. and Beck, Rainer},
title = {Optimum frequency band for radio polarization observations},
journal = {Monthly Notices of the Royal Astronomical Society},
volume = {418},
number = {4},
pages = {2336-2342},
keywords = {techniques: polarimetric, ISM: magnetic fields, galaxies: clusters: general, galaxies: haloes, galaxies: magnetic fields, radio continuum: galaxies},
doi = {https://doi.org/10.1111/j.1365-2966.2011.19623.x},
url = {https://onlinelibrary.wiley.com/doi/abs/10.1111/j.1365-2966.2011.19623.x},
eprint = {https://onlinelibrary.wiley.com/doi/pdf/10.1111/j.1365-2966.2011.19623.x},
year = {2011}
}

@ARTICLE{Haverkornetal_2000,
       author = {{Haverkorn}, M. and {Katgert}, P. and {de Bruyn}, A.~G.},
        title = "{Structure in the local Galactic ISM on scales down to 1 pc, from multi-band radio polarization observations}",
      journal = {\aap},
     keywords = {POLARIZATION, ISM: MAGNETIC FIELDS, ISM: STRUCTURE, RADIO CONTINUUM: ISM, Astrophysics},
         year = 2000,
        month = apr,
       volume = {356},
        pages = {L13-L16},
          doi = {10.48550/arXiv.astro-ph/0003260},
archivePrefix = {arXiv},
       eprint = {astro-ph/0003260},
 primaryClass = {astro-ph},
      adsnote = {Provided by the SAO/NASA Astrophysics Data System}
}

@ARTICLE{Shukurov_and_Berkhuijsen_2003,
       author = {{Shukurov}, Anvar and {Berkhuijsen}, Elly M.},
        title = "{Faraday ghosts: depolarization canals in the Galactic radio emission}",
      journal = {\mnras},
     keywords = {magnetic fields, polarization, turbulence, ISM: magnetic fields},
         year = 2003,
        month = jun,
       volume = {342},
       number = {2},
        pages = {496-500},
          doi = {10.1046/j.1365-8711.2003.06582.x},
       adsurl = {https://ui.adsabs.harvard.edu/abs/2003MNRAS.342..496S},
      adsnote = {Provided by the SAO/NASA Astrophysics Data System}
}



@ARTICLE{Beck_Bfield_Rev_2015,
       author = {{Beck}, Rainer},
        title = "{Magnetic fields in spiral galaxies}",
      journal = {\aapr},
     keywords = {Polarization, Magnetic fields, Dynamo, Galaxies: magnetic fields, Galaxies: spiral, Galaxies: halos, Radio continuum: galaxies, Polarization, Magnetic fields, Dynamo, Galaxies: magnetic fields, Galaxies: spiral, Galaxies: halos, Radio continuum: galaxies, Astrophysics - Astrophysics of Galaxies, 85-02},
         year = 2015,
        month = dec,
       volume = {24},
          eid = {4},
        pages = {4},
          doi = {10.1007/s00159-015-0084-4},
archivePrefix = {arXiv},
       eprint = {1509.04522},
 primaryClass = {astro-ph.GA},
      adsnote = {Provided by the SAO/NASA Astrophysics Data System}
}

@ARTICLE{Planck_2016,
       author = {{Planck Collaboration} and {Adam}, R. and {Ade}, P.~A.~R. and {Alves} and others},
        title = "{Planck intermediate results. XLII. Large-scale Galactic magnetic fields}",
      journal = {\aap},
     keywords = {ISM: general, ISM: magnetic fields, polarization, Astrophysics - Astrophysics of Galaxies},
         year = 2016,
        month = dec,
       volume = {596},
          eid = {A103},
        pages = {A103},
          doi = {10.1051/0004-6361/201528033},
archivePrefix = {arXiv},
       eprint = {1601.00546},
 primaryClass = {astro-ph.GA},
      adsnote = {Provided by the SAO/NASA Astrophysics Data System}
}

@article{Whiting_2012,
   title={Source-Finding for the Australian Square Kilometre Array Pathfinder},
   volume={29},
   ISSN={1448-6083},
   url={http://dx.doi.org/10.1071/AS12028},
   DOI={10.1071/as12028},
   number={3},
   journal={Publications of the Astronomical Society of Australia},
   publisher={Cambridge University Press (CUP)},
   author={Whiting, M. and Humphreys, B.},
   year={2012},
   pages={371–381} }


@ARTICLE{ASKAP,
       author = {{DeBoer}, D.~R. and {Gough}, R.~G. and {Bunton}, J.~D. and others},
        title = "{Australian SKA Pathfinder: A High-Dynamic Range Wide-Field of View Survey Telescope}",
      journal = {IEEE Proceedings},
     keywords = {Correlation, Focal plane arrays, Interferometer, Radio astronomy},
         year = 2009,
        month = aug,
       volume = {97},
       number = {8},
        pages = {1507-1521},
          doi = {10.1109/JPROC.2009.2016516},
       adsurl = {https://ui.adsabs.harvard.edu/abs/2009IEEEP..97.1507D},
      adsnote = {Provided by the SAO/NASA Astrophysics Data System}
}

@INPROCEEDINGS{matter_distribution,
       author = {{Gilmore}, G.},
        title = "{The Distribution of Dark Matter in the Milky Way Galaxy}",
     keywords = {Astrophysics},
    booktitle = {Identification of Dark Matter},
         year = 1997,
       editor = {{Spooner}, Jeil J.~C.},
        month = jan,
        pages = {73},
          doi = {10.48550/arXiv.astro-ph/9702081},
archivePrefix = {arXiv},
       eprint = {astro-ph/9702081},
 primaryClass = {astro-ph},
       adsurl = {https://ui.adsabs.harvard.edu/abs/1997idm..work...73G},
      adsnote = {Provided by the SAO/NASA Astrophysics Data System}
}

@article{Schnitzeler_2019,
   title={S-PASS/ATCA: a window on the magnetic universe in the Southern hemisphere},
   volume={485},
   ISSN={1365-2966},
   url={http://dx.doi.org/10.1093/mnras/stz092},
   DOI={10.1093/mnras/stz092},
   number={1},
   journal={Monthly Notices of the Royal Astronomical Society},
   publisher={Oxford University Press (OUP)},
   author={Schnitzeler, D H F M and Carretti, E and Wieringa, M H and Gaensler, B M and Haverkorn, M and Poppi, S},
   year={2019},
   month=jan, pages={1293–1309} }

@ARTICLE{POGS_2020,
       author = {{Riseley}, C.~J. and {Galvin}, T.~J. and {Sobey}, C. and others},
        title = "{The POlarised GLEAM Survey (POGS) II: Results from an all-sky rotation measure synthesis survey at long wavelengths}",
      journal = {\pasa},
     keywords = {polarisation, surveys, radio continuum: general, galaxies: active, pulsars, Astrophysics - Astrophysics of Galaxies, Astrophysics - Cosmology and Nongalactic Astrophysics},
         year = 2020,
        month = jul,
       volume = {37},
          eid = {e029},
        pages = {e029},
          doi = {10.1017/pasa.2020.20},
archivePrefix = {arXiv},
       eprint = {2005.09266},
 primaryClass = {astro-ph.GA},
       adsurl = {https://ui.adsabs.harvard.edu/abs/2020PASA...37...29R},
      adsnote = {Provided by the SAO/NASA Astrophysics Data System}
}

@misc{validation,
    author = {{Hopkins}, A. and {Norris}, R and {Vernstrom}, T and {Kapinska}, A and {Marvil}, Josh},
    year = 2022,
    title = "{ASKAP Data Products for Project AS201 (EMU): catalogues. v1. CSIRO. Data Collection.}",
    url = {http://hdl.handle.net/102.100.100/479789?index=1},
}

@phdthesis{Emma_thesis,
    author = {Emma Alexander},
    title = {Magnetic fields around Radio Galaxies},
    school = {University of Manchester},
    year = 2022
}


@article{original_Faraday_rotation,
author = {Faraday, Michael },
title = {I. Experimental researches in electricity.—Nineteenth series},
journal = {Philosophical Transactions of the Royal Society of London},
volume = {136},
number = {},
pages = {1-20},
year = {1846},
doi = {10.1098/rstl.1846.0001},

URL = {https://royalsocietypublishing.org/doi/abs/10.1098/rstl.1846.0001},
eprint = {https://royalsocietypublishing.org/doi/pdf/10.1098/rstl.1846.0001}
,
    abstract = { 2146. I Have long held an opinion, almost amounting to conviction, in common I believe with many other lovers of natural knowledge, that the various forms under which the forces of matter are made manifest have one common origin; or, in other words, are so directly related and mutually dependent, that they are convertible, as it were, one into another, and possess equivalents of power in their action. In modern times the proofs of their convertibility have been accumulated to a very considerable extent, and a commencement made of the determination of their equivalent forces. 2147. This strong persuasion extended to the powers of light, and led, on a former occasion, to many exertions, having for their object the discovery of the direct relation of light and electricity, and their mutual action in bodies subject jointly to their power; but the results were negative and were afterwards confirmed, in that respect, by Wartmann. }
}


@ARTICLE{spitzer_2009,
       author = {{Churchwell}, Ed and {Babler}, Brian L. and {Meade}, Marilyn R. and others},
        title = "{The Spitzer/GLIMPSE Surveys: A New View of the Milky Way}",
      journal = {\pasp},
         year = 2009,
        month = mar,
       volume = {121},
       number = {877},
        pages = {213},
          doi = {10.1086/597811},
       adsurl = {https://ui.adsabs.harvard.edu/abs/2009PASP..121..213C},
      adsnote = {Provided by the SAO/NASA Astrophysics Data System}
}

@article{Haverkorn_2006,
   title={Enhanced Small-Scale Faraday Rotation in the Galactic Spiral Arms},
   volume={637},
   ISSN={1538-4357},
   url={http://dx.doi.org/10.1086/500543},
   DOI={10.1086/500543},
   number={1},
   journal={The Astrophysical Journal},
   publisher={American Astronomical Society},
   author={Haverkorn, M. and Gaensler, B. M. and Brown, J. C. and others},
   year={2006},
   month=jan, pages={L33–L35} }


@article{
voyager,
author = {L. F. Burlaga  and N. F. Ness  and E. C. Stone },
title = {Magnetic Field Observations as Voyager 1 Entered the Heliosheath Depletion Region},
journal = {Science},
volume = {341},
number = {6142},
pages = {147-150},
year = {2013},
doi = {10.1126/science.1235451},
URL = {https://www.science.org/doi/abs/10.1126/science.1235451},
eprint = {https://www.science.org/doi/pdf/10.1126/science.1235451}
}

@article{Alfven,
   title={Cosmic Radiation as an Intra-galactic Phenomenon},
   volume={25B},
   number={29},
   journal={Astr. o. fys},
   publisher={Almqvist and Wiksells Boktryckeri},
   author={Hannes Alfvén},
   year={1937} }

@ARTICLE{Hiltner,
       author = {{Hiltner}, W.~A.},
        title = "{Polarization of Light from Distant Stars by Interstellar Medium}",
      journal = {Science},
         year = 1949,
        month = feb,
       volume = {109},
       number = {2825},
        pages = {165},
          doi = {10.1126/science.109.2825.165},
       adsurl = {https://ui.adsabs.harvard.edu/abs/1949Sci...109..165H},
      adsnote = {Provided by the SAO/NASA Astrophysics Data System}
}

@ARTICLE{Stokes,
       author = {{Stokes}, G.~G.},
        title = "{On the Effect of the Internal Friction of Fluids on the Motion of Pendulums}",
      journal = {Transactions of the Cambridge Philosophical Society},
         year = 1851,
        month = jan,
       volume = {9},
        pages = {8},
       adsurl = {https://ui.adsabs.harvard.edu/abs/1851TCaPS...9....8S},
      adsnote = {Provided by the SAO/NASA Astrophysics Data System}
}

@ARTICLE{FR_cluster,
       author = {{Clarke}, T.~E. and {Kronberg}, P.~P. and {B{\"o}hringer}, Hans},
        title = "{A New Radio-X-Ray Probe of Galaxy Cluster Magnetic Fields}",
      journal = {\apjl},
     keywords = {Galaxies: Clusters: General, Magnetic Fields, Polarization, Radio Continuum: Galaxies, X-Rays: General, Astrophysics},
         year = 2001,
        month = feb,
       volume = {547},
       number = {2},
        pages = {L111-L114},
          doi = {10.1086/318896},
archivePrefix = {arXiv},
       eprint = {astro-ph/0011281},
 primaryClass = {astro-ph},
       adsurl = {https://ui.adsabs.harvard.edu/abs/2001ApJ...547L.111C},
      adsnote = {Provided by the SAO/NASA Astrophysics Data System}
}

@ARTICLE{FR_planet_nebula,
       author = {{Rodr{\'\i}guez}, L.~F. and {Carrasco-Gonz{\'a}lez}, C. and {Cant{\'o}}, J. and others},
        title = "{Limits to the Magnetic Field in the Planetary Nebula NGC 246 from Faraday Rotation}",
      journal = {\rmxaa},
     keywords = {ISM: magnetic fields, planetary nebulae: individual (NGC 246), plasmas, polarization},
         year = 2017,
        month = apr,
       volume = {53},
        pages = {45-52},
       adsurl = {https://ui.adsabs.harvard.edu/abs/2017RMxAA..53...45R},
      adsnote = {Provided by the SAO/NASA Astrophysics Data System}
}

@ARTICLE{FR_sagA,
       author = {{Marrone}, Daniel P. and {Moran}, James M. and {Zhao}, Jun-Hui and {Rao}, Ramprasad},
        title = "{An Unambiguous Detection of Faraday Rotation in Sagittarius A*}",
      journal = {\apjl},
     keywords = {Black Hole Physics, Galaxy: Center, Polarization, Submillimeter, Techniques: Interferometric, Astrophysics},
         year = 2007,
        month = jan,
       volume = {654},
       number = {1},
        pages = {L57-L60},
          doi = {10.1086/510850},
archivePrefix = {arXiv},
       eprint = {astro-ph/0611791},
 primaryClass = {astro-ph},
       adsurl = {https://ui.adsabs.harvard.edu/abs/2007ApJ...654L..57M},
      adsnote = {Provided by the SAO/NASA Astrophysics Data System}
}

@ARTICLE{Roux,
       author = {{Le Roux}, E.},
        title = "{{\'E}tude th{\'e}orique du rayonnement synchrotron des radiosources}",
      journal = {Annales d'Astrophysique},
         year = 1961,
        month = feb,
       volume = {24},
        pages = {71},
       adsurl = {https://ui.adsabs.harvard.edu/abs/1961AnAp...24...71L},
      adsnote = {Provided by the SAO/NASA Astrophysics Data System}
}

@BOOK{Ginzburg,
       author = {{Ginzburg}, V.~L. and {Syrovatskii}, S.~I.},
        title = "{The origin of cosmic rays}",
         year = 1969,
       adsurl = {https://ui.adsabs.harvard.edu/abs/1969ocr..book.....G},
      adsnote = {Provided by the SAO/NASA Astrophysics Data System},
    publisher = {Gordon and Breach},
    journal = {Topics in Astrophysics and Space Physics}
}

@INPROCEEDINGS{Heald_2009,
       author = {{Heald}, George},
        title = "{The Faraday rotation measure synthesis technique}",
     keywords = {Magnetic fields, polarization, methods: data analysis, techniques: polarimetric},
    booktitle = {Cosmic Magnetic Fields: From Planets, to Stars and Galaxies},
         year = 2009,
       editor = {{Strassmeier}, Klaus G. and {Kosovichev}, Alexander G. and {Beckman}, John E.},
       series = {IAU Symposium},
       volume = {259},
        month = apr,
        pages = {591-602},
          doi = {10.1017/S1743921309031421},
       adsurl = {https://ui.adsabs.harvard.edu/abs/2009IAUS..259..591H},
      adsnote = {Provided by the SAO/NASA Astrophysics Data System}
}


@misc{heald2020magnetismsciencesquarekilometre,
      title={Magnetism Science with the Square Kilometre Array}, 
      author={George Heald and Sui Ann Mao and Valentina Vacca and others},
      year={2020},
      eprint={2006.03172},
      archivePrefix={arXiv},
      primaryClass={astro-ph.GA},
      url={https://arxiv.org/abs/2006.03172}, 
}

@INPROCEEDINGS{Johnston_2015,
       author = {{Johnston-Hollitt}, M. and {Govoni}, F. and {Beck}, R. and others},
        title = "{Using SKA Rotation Measures to Reveal the Mysteries of the Magnetised Universe}",
     keywords = {Astrophysics - Cosmology and Nongalactic Astrophysics, Astrophysics - Astrophysics of Galaxies},
    booktitle = {Advancing Astrophysics with the Square Kilometre Array (AASKA14)},
         year = 2015,
        month = apr,
          eid = {92},
        pages = {92},
          doi = {10.22323/1.215.0092},
archivePrefix = {arXiv},
       eprint = {1506.00808},
 primaryClass = {astro-ph.CO},
       adsurl = {https://ui.adsabs.harvard.edu/abs/2015aska.confE..92J},
      adsnote = {Provided by the SAO/NASA Astrophysics Data System}
}

@misc{thomson2023rapidaskapcontinuumsurvey,
      title={The Rapid ASKAP Continuum Survey III: Spectra and Polarisation In Cutouts of Extragalactic Sources (SPICE-RACS) First Data Release}, 
      author={Alec J. M. Thomson and David McConnell and Emil Lenc and others},
      year={2023},
      eprint={2307.07207},
      archivePrefix={arXiv},
      primaryClass={astro-ph.GA},
      url={https://arxiv.org/abs/2307.07207}, 
}

@article{POSSUM,
    author = {B. M. Gaensler, G. H. Heald, N. M. McClure-Griffiths and others},
    title = {The Polarisation Sky Survey of the Universe’s Magnetism (POSSUM).
I. Science Goals and Survey Description},
    journal = {Publications of the Astronomical Society of Australia},
    year = {in prep}
}

@ARTICLE{free_free,
       author = {{Polderman}, I.~M. and {Haverkorn}, M. and {Jaffe}, T.~R.},
        title = "{A more detailed look at Galactic magnetic field models: using free-free absorption in HII regions}",
      journal = {\aap},
     keywords = {cosmic rays, ISM: magnetic fields, HII regions, Galaxy: structure, radio continuum: ISM, catalogs, Astrophysics - Astrophysics of Galaxies},
         year = 2020,
        month = apr,
       volume = {636},
          eid = {A2},
        pages = {A2},
          doi = {10.1051/0004-6361/201937042},
archivePrefix = {arXiv},
       eprint = {2002.09204},
 primaryClass = {astro-ph.GA},
       
      adsnote = {Provided by the SAO/NASA Astrophysics Data System}
}

@ARTICLE{Shukurov_2019,
       author = {{Shukurov}, Anvar and {Rodrigues}, Luiz Felippe S. and {Bushby}, Paul J. and {Hollins}, James and {Rachen}, J{\"o}rg P.},
        title = "{A physical approach to modelling large-scale galactic magnetic fields}",
      journal = {\aap},
     keywords = {Galaxy: general, galaxies: spiral, magnetic fields, dynamo, polarization, Astrophysics - Astrophysics of Galaxies},
         year = 2019,
        month = mar,
       volume = {623},
          eid = {A113},
        pages = {A113},
          doi = {10.1051/0004-6361/201834642},
archivePrefix = {arXiv},
       eprint = {1809.03595},
 primaryClass = {astro-ph.GA},
       adsurl = {https://ui.adsabs.harvard.edu/abs/2019A&A...623A.113S},
      adsnote = {Provided by the SAO/NASA Astrophysics Data System}
}

@ARTICLE{Jansson_2012,
       author = {{Jansson}, Ronnie and {Farrar}, Glennys R.},
        title = "{The Galactic Magnetic Field}",
      journal = {\apjl},
     keywords = {cosmic rays, Galaxy: general, ISM: magnetic fields, magnetic fields, Astrophysics - Galaxy Astrophysics},
         year = 2012,
        month = dec,
       volume = {761},
       number = {1},
          eid = {L11},
        pages = {L11},
          doi = {10.1088/2041-8205/761/1/L11},
archivePrefix = {arXiv},
       eprint = {1210.7820},
 primaryClass = {astro-ph.GA},
       adsurl = {https://ui.adsabs.harvard.edu/abs/2012ApJ...761L..11J},
      adsnote = {Provided by the SAO/NASA Astrophysics Data System}
}

@ARTICLE{Sun_2010,
       author = {{Sun}, Xiao-Hui and {Reich}, Wolfgang},
        title = "{The Galactic halo magnetic field revisited}",
      journal = {Research in Astronomy and Astrophysics},
     keywords = {Astrophysics - Astrophysics of Galaxies},
         year = 2010,
        month = dec,
       volume = {10},
       number = {12},
        pages = {1287-1297},
          doi = {10.1088/1674-4527/10/12/009},
archivePrefix = {arXiv},
       eprint = {1010.4394},
 primaryClass = {astro-ph.GA},
       adsurl = {https://ui.adsabs.harvard.edu/abs/2010RAA....10.1287S},
      adsnote = {Provided by the SAO/NASA Astrophysics Data System}
}

@ARTICLE{Fauvet_2011,
       author = {{Fauvet}, L. and {Mac{\'\i}as-P{\'e}rez}, J.~F. and {Aumont}, J. and others},
        title = "{Joint 3D modelling of the polarized Galactic synchrotron and thermal dust foreground diffuse emission}",
      journal = {\aap},
     keywords = {Galaxy: general, polarization, cosmic background radiation, Astrophysics - Cosmology and Nongalactic Astrophysics},
         year = 2011,
        month = feb,
       volume = {526},
          eid = {A145},
        pages = {A145},
          doi = {10.1051/0004-6361/201014492},
archivePrefix = {arXiv},
       eprint = {1003.4450},
 primaryClass = {astro-ph.CO},
       adsurl = {https://ui.adsabs.harvard.edu/abs/2011A&A...526A.145F},
      adsnote = {Provided by the SAO/NASA Astrophysics Data System}
}

@ARTICLE{Van_Eck_2011,
       author = {{Van Eck}, C.~L. and {Brown}, J.~C. and {Stil}, J.~M. and others},
        title = "{Modeling the Magnetic Field in the Galactic Disk Using New Rotation Measure Observations from the Very Large Array}",
      journal = {\apj},
     keywords = {Galaxy: structure, ISM: magnetic fields, polarization, Astrophysics - Astrophysics of Galaxies},
         year = 2011,
        month = feb,
       volume = {728},
       number = {2},
          eid = {97},
        pages = {97},
          doi = {10.1088/0004-637X/728/2/97},
archivePrefix = {arXiv},
       eprint = {1012.2938},
 primaryClass = {astro-ph.GA},
       adsurl = {https://ui.adsabs.harvard.edu/abs/2011ApJ...728...97V},
      adsnote = {Provided by the SAO/NASA Astrophysics Data System}
}

@ARTICLE{Tinyakov_2002,
       author = {{Tinyakov}, P.~G. and {Tkachev}, I.~I.},
        title = "{Tracing protons through the Galactic magnetic field: a clue for charge composition of ultra-high-energy cosmic rays}",
      journal = {Astroparticle Physics},
     keywords = {Astrophysics, High Energy Physics - Phenomenology},
         year = 2002,
        month = oct,
       volume = {18},
       number = {2},
        pages = {165-172},
          doi = {10.1016/S0927-6505(02)00109-3},
archivePrefix = {arXiv},
       eprint = {astro-ph/0111305},
 primaryClass = {astro-ph},
       adsurl = {https://ui.adsabs.harvard.edu/abs/2002APh....18..165T},
      adsnote = {Provided by the SAO/NASA Astrophysics Data System}
}

@ARTICLE{correct_sense_of_faraday_rotation,
       author = {{Ferri{\`e}re}, K. and {West}, J.~L. and {Jaffe}, T.~R.},
        title = "{The correct sense of Faraday rotation}",
      journal = {\mnras},
     keywords = {plasmas, polarization, ISM: magnetic fields, radio continuum: ISM, Astrophysics - Astrophysics of Galaxies},
         year = 2021,
        month = nov,
       volume = {507},
       number = {4},
        pages = {4968-4982},
          doi = {10.1093/mnras/stab1641},
archivePrefix = {arXiv},
       eprint = {2106.03074},
 primaryClass = {astro-ph.GA},
       adsurl = {https://ui.adsabs.harvard.edu/abs/2021MNRAS.507.4968F},
      adsnote = {Provided by the SAO/NASA Astrophysics Data System}
}

@ARTICLE{Brown_2003,
       author = {{Brown}, J.~C. and {Taylor}, A.~R. and {Jackel}, B.~J.},
        title = "{Rotation Measures of Compact Sources in the Canadian Galactic Plane Survey}",
      journal = {\apjs},
     keywords = {Catalogs, ISM: Magnetic Fields, Polarization, Radio Continuum: Galaxies, Techniques: Polarimetric},
         year = 2003,
        month = apr,
       volume = {145},
       number = {2},
        pages = {213-223},
          doi = {10.1086/346082},
       adsurl = {https://ui.adsabs.harvard.edu/abs/2003ApJS..145..213B},
      adsnote = {Provided by the SAO/NASA Astrophysics Data System}
}

@ARTICLE{1997A&A...322...98H,
       author = {{Han}, J.~L. and {Manchester}, R.~N. and {Berkhuijsen}, E.~M. and {Beck}, R.},
        title = "{Antisymmetric rotation measures in our Galaxy: evidence for an A0 dynamo.}",
      journal = {\aap},
     keywords = {ISM: MAGNETIC FIELDS, GALAXY: STRUCTURE, PULSARS, POLARIZATION},
         year = 1997,
        month = jun,
       volume = {322},
        pages = {98-102},
       adsurl = {https://ui.adsabs.harvard.edu/abs/1997A&A...322...98H},
      adsnote = {Provided by the SAO/NASA Astrophysics Data System}
}

@ARTICLE{1980ApJ...242...74S,
       author = {{Simard-Normandin}, M. and {Kronberg}, P.~P.},
        title = "{Rotation measures and the galactic magnetic field.}",
      journal = {\apj},
     keywords = {Faraday Effect, Galactic Rotation, Interstellar Magnetic Fields, Milky Way Galaxy, Extragalactic Radio Sources, Hydrogen Clouds, Magnetic Anomalies, Polarization Characteristics, Pulsars, Astrophysics},
         year = 1980,
        month = nov,
       volume = {242},
        pages = {74-94},
          doi = {10.1086/158445},
       adsurl = {https://ui.adsabs.harvard.edu/abs/1980ApJ...242...74S},
      adsnote = {Provided by the SAO/NASA Astrophysics Data System}
}

@misc{reich2004magnetized,
  title={The Magnetized Interstellar Medium},
  author={Reich, P and Reich, W and Testori, JC and Uyaniker, B and Wielebinski, R},
  year={2004},
  publisher={Copernicus GmbH Katlenburg-Lindau}
}

@ARTICLE{1984ApJ...287..295M,
       author = {{Matsui}, Y. and {Long}, K.~S. and {Dickel}, J.~R. and {Greisen}, E.~W.},
        title = "{A detailed X-ray and radio comparison of Kepler's supernova remnant.}",
      journal = {\apj},
     keywords = {Radio Astronomy, Supernova Remnants, X Ray Astronomy, Faraday Effect, Interstellar Magnetic Fields, Linear Polarization, Radio Emission, Relativistic Particles, Astrophysics},
         year = 1984,
        month = dec,
       volume = {287},
        pages = {295-306},
          doi = {10.1086/162688},
       adsurl = {https://ui.adsabs.harvard.edu/abs/1984ApJ...287..295M},
      adsnote = {Provided by the SAO/NASA Astrophysics Data System}
}

@article{Gaensler_2001,
   title={Radio Polarization from the Inner Galaxy at Arcminute Resolution},
   volume={549},
   ISSN={1538-4357},
   url={http://dx.doi.org/10.1086/319468},
   DOI={10.1086/319468},
   number={2},
   journal={The Astrophysical Journal},
   publisher={American Astronomical Society},
   author={Gaensler, B. M. and Dickey, John M. and McClure‐Griffiths, N. M. and Green, A. J. and Wieringa, M. H. and Haynes, R. F.},
   year={2001},
   month=mar, pages={959–978} }

@article{Akahori_2014,
   title={Exploring the intergalactic magnetic field by means of Faraday tomography},
   volume={66},
   ISSN={2053-051X},
   url={http://dx.doi.org/10.1093/pasj/psu033},
   DOI={10.1093/pasj/psu033},
   number={3},
   journal={Publications of the Astronomical Society of Japan},
   publisher={Oxford University Press (OUP)},
   author={Akahori, Takuya and Kumazaki, Kohei and Takahashi, Keitaro and Ryu, Dongsu},
   year={2014},
   month=jul }

@ARTICLE{cygnus_A,
       author = {{Sebokolodi}, M. Lerato L. and {Perley}, Richard and {Eilek}, Jean and and others},
        title = "{A Wideband Polarization Study of Cygnus A with the Jansky Very Large Array. I. The Observations and Data}",
      journal = {\apj},
     keywords = {Polarimetry, Spectropolarimetry, Radio galaxies, Intracluster medium, Extragalactic magnetic fields, 1278, 1973, 1343, 858, 507, Astrophysics - Astrophysics of Galaxies},
         year = 2020,
        month = nov,
       volume = {903},
       number = {1},
          eid = {36},
        pages = {36},
          doi = {10.3847/1538-4357/abb80e},
archivePrefix = {arXiv},
       eprint = {2009.06554},
 primaryClass = {astro-ph.GA},
       adsurl = {https://ui.adsabs.harvard.edu/abs/2020ApJ...903...36S},
      adsnote = {Provided by the SAO/NASA Astrophysics Data System}
}

@article{Duchamp_Whiting_2012,
   title={duchamp: a 3D source finder for spectral-line data: The duchamp source finder},
   volume={421},
   ISSN={0035-8711},
   url={http://dx.doi.org/10.1111/j.1365-2966.2012.20548.x},
   DOI={10.1111/j.1365-2966.2012.20548.x},
   number={4},
   journal={Monthly Notices of the Royal Astronomical Society},
   publisher={Oxford University Press (OUP)},
   author={Whiting, Matthew T.},
   year={2012},
   month=mar, pages={3242–3256} }

@article{Selavy_Whiting_2012,
   title={Source-Finding for the Australian Square Kilometre Array Pathfinder},
   volume={29},
   ISSN={1448-6083},
   url={http://dx.doi.org/10.1071/AS12028},
   DOI={10.1071/as12028},
   number={3},
   journal={Publications of the Astronomical Society of Australia},
   publisher={Cambridge University Press (CUP)},
   author={Whiting, M. and Humphreys, B.},
   year={2012},
   pages={371–381} }

@misc{PyBDSF,
       author = {{Mohan}, Niruj and {Rafferty}, David},
        title = "{PyBDSF: Python Blob Detection and Source Finder}",
 howpublished = {Astrophysics Source Code Library, record ascl:1502.007},
         year = 2015,
        month = feb,
          eid = {ascl:1502.007},
       adsurl = {https://ui.adsabs.harvard.edu/abs/2015ascl.soft02007M},
      adsnote = {Provided by the SAO/NASA Astrophysics Data System}
}

@article{Alger_Livingston_McClure-Griffiths_Nabaglo_Wong_Ong_2021, title={Interpretable Faraday complexity classification}, volume={38}, DOI={10.1017/pasa.2021.10}, journal={Publications of the Astronomical Society of Australia}, author={Alger, M. J. and Livingston, J. D. and McClure-Griffiths, N. M. and others}, year={2021}, pages={e022}}

@article{Bernardi_2009,
   title={Foregrounds for observations of the cosmological 21 cm line: I. First Westerbork measurements of Galactic emission  at 150 MHz 
in a low latitude field},
   volume={500},
   ISSN={1432-0746},
   url={http://dx.doi.org/10.1051/0004-6361/200911627},
   DOI={10.1051/0004-6361/200911627},
   number={3},
   journal={\aap},
   publisher={EDP Sciences},
   author={Bernardi, G. and de Bruyn, A. G. and Brentjens, M. A. and others},
   year={2009},
   month=jun, pages={965–979} }

@ARTICLE{Li_2011,
       author = {{Li}, F. and {Brown}, S. and {Cornwell}, T.~J. and {de Hoog}, F.},
        title = "{The application of compressive sampling to radio astronomy. II. Faraday rotation measure synthesis}",
      journal = {\aap},
     keywords = {methods: data analysis, methods: analytical, polarization, techniques: polarimetric, ISM: magnetic fields, Astrophysics - Instrumentation and Methods for Astrophysics},
         year = 2011,
        month = jul,
       volume = {531},
          eid = {A126},
        pages = {A126},
          doi = {10.1051/0004-6361/201015890},
archivePrefix = {arXiv},
       eprint = {1106.1709},
 primaryClass = {astro-ph.IM},
       adsurl = {https://ui.adsabs.harvard.edu/abs/2011A&A...531A.126L},
      adsnote = {Provided by the SAO/NASA Astrophysics Data System}
}

@misc{taylor2023mighteepolarizationearlyscience,
      title={MIGHTEE Polarization Early Science Fields: The Deep Polarized Sky}, 
      author={A. R. Taylor and S. Sekhar and L. Heino and others},
      year={2023},
      eprint={2312.13230},
      archivePrefix={arXiv},
      primaryClass={astro-ph.GA},
      url={https://arxiv.org/abs/2312.13230}, 
}

@ARTICLE{Hutschenreuter_2022,
       author = {{Hutschenreuter}, S. and {Anderson}, C.~S. and {Betti}, S. and others},
        title = "{The Galactic Faraday rotation sky 2020}",
      journal = {\aap},
     keywords = {Galaxy: general, ISM: magnetic fields, ISM: structure, Galaxy: structure, Astrophysics - Astrophysics of Galaxies},
         year = 2022,
        month = jan,
       volume = {657},
          eid = {A43},
        pages = {A43},
          doi = {10.1051/0004-6361/202140486},
archivePrefix = {arXiv},
       eprint = {2102.01709},
 primaryClass = {astro-ph.GA},
       adsurl = {https://ui.adsabs.harvard.edu/abs/2022A&A...657A..43H},
      adsnote = {Provided by the SAO/NASA Astrophysics Data System}
}

@ARTICLE{vanEck_2023,
       author = {{Van Eck}, C.~L. and {Gaensler}, B.~M. and {Hutschenreuter}, S. and others},
        title = "{RMTable2023 and PolSpectra2023: Standards for Reporting Polarization and Faraday Rotation Measurements of Radio Sources}",
      journal = {\apjs},
     keywords = {Radio astronomy, Spectropolarimetry, 1338, 1973, Astrophysics - Instrumentation and Methods for Astrophysics},
         year = 2023,
        month = aug,
       volume = {267},
       number = {2},
          eid = {28},
        pages = {28},
          doi = {10.3847/1538-4365/acda24},
archivePrefix = {arXiv},
       eprint = {2305.16607},
 primaryClass = {astro-ph.IM},
       adsurl = {https://ui.adsabs.harvard.edu/abs/2023ApJS..267...28V},
      adsnote = {Provided by the SAO/NASA Astrophysics Data System}
}

@article{hotan2016holographic,
  title={Holographic Measurement of ASKAP Primary Beams},
  author={Hotan, AW},
  journal={ACES Memo},
  volume={11},
  year={2016}
}

@ARTICLE{Hotan_ASKAP,
       author = {{Hotan}, A.~W. and {Bunton}, J.~D. and {Chippendale}, A.~P. and {Whiting}, M. and {Tuthill}, J. and {Moss}, V.~A. and {McConnell}, D. and {Amy}, S.~W. and {Huynh}, M.~T. and {Allison}, J.~R. and {Anderson}, C.~S. and {Bannister}, K.~W. and {Bastholm}, E. and {Beresford}, R. and {Bock}, D.~C. -J. and {Bolton}, R. and {Chapman}, J.~M. and {Chow}, K. and {Collier}, J.~D. and {Cooray}, F.~R. and {Cornwell}, T.~J. and {Diamond}, P.~J. and {Edwards}, P.~G. and {Feain}, I.~J. and {Franzen}, T.~M.~O. and {George}, D. and {Gupta}, N. and {Hampson}, G.~A. and {Harvey-Smith}, L. and {Hayman}, D.~B. and {Heywood}, I. and {Jacka}, C. and {Jackson}, C.~A. and {Jackson}, S. and {Jeganathan}, K. and {Johnston}, S. and {Kesteven}, M. and {Kleiner}, D. and {Koribalski}, B.~S. and {Lee-Waddell}, K. and {Lenc}, E. and {Lensson}, E.~S. and {Mackay}, S. and {Mahony}, E.~K. and {McClure-Griffiths}, N.~M. and {McConigley}, R. and {Mirtschin}, P. and {Ng}, A.~K. and {Norris}, R.~P. and {Pearce}, S.~E. and {Phillips}, C. and {Pilawa}, M.~A. and {Raja}, W. and {Reynolds}, J.~E. and {Roberts}, P. and {Roxby}, D.~N. and {Sadler}, E.~M. and {Shields}, M. and {Schinckel}, A.~E.~T. and {Serra}, P. and {Shaw}, R.~D. and {Sweetnam}, T. and {Troup}, E.~R. and {Tzioumis}, A. and {Voronkov}, M.~A. and {Westmeier}, T.},
        title = "{Australian square kilometre array pathfinder: I. system description}",
      journal = {\pasa},
     keywords = {Astrophysics - Instrumentation and Methods for Astrophysics},
         year = 2021,
        month = mar,
       volume = {38},
          eid = {e009},
        pages = {e009},
          doi = {10.1017/pasa.2021.1},
archivePrefix = {arXiv},
       eprint = {2102.01870},
 primaryClass = {astro-ph.IM},
       adsurl = {https://ui.adsabs.harvard.edu/abs/2021PASA...38....9H},
      adsnote = {Provided by the SAO/NASA Astrophysics Data System}
}

@misc{sault2015aces,
  title={ACES Memo\# 7 Widefield polarimetric considerations for ASKAP},
  author={Sault, RJ},
  year={2015},
  publisher={CSIRO, http://www. atnf. csiro. au/projects/askap/ACES-memos}
}

@ARTICLE{2009_mueller,
       author = {{Carozzi}, T.~D. and {Woan}, G.},
        title = "{A generalized measurement equation and van Cittert-Zernike theorem for wide-field radio astronomical interferometry}",
      journal = {\mnras},
     keywords = {instrumentation: polarimeters, instrumentation: interferometers, techniques: interferometric, techniques: polarimetric, telescopes, Astrophysics},
         year = 2009,
        month = may,
       volume = {395},
       number = {3},
        pages = {1558-1568},
          doi = {10.1111/j.1365-2966.2009.14642.x},
archivePrefix = {arXiv},
       eprint = {0812.0141},
 primaryClass = {astro-ph},
       adsurl = {https://ui.adsabs.harvard.edu/abs/2009MNRAS.395.1558C},
      adsnote = {Provided by the SAO/NASA Astrophysics Data System}
}

@book{gil2022polarized,
  title={Polarized light and the Mueller matrix approach},
  author={Gil, Jos{\'e} J and Ossikovski, Razvigor},
  year={2022},
  publisher={CRC press}
}

@ARTICLE{Dickey_2019,
       author = {{Dickey}, John M. and {Landecker}, T.~L. and {Thomson}, Alec J.~M. and {Wolleben}, M. and {Sun}, X. and {Carretti}, E. and {Douglas}, K. and {Fletcher}, A. and {Gaensler}, B.~M. and {Gray}, A. and {Haverkorn}, M. and {Hill}, A.~S. and {Mao}, S.~A. and {McClure-Griffiths}, N.~M.},
        title = "{The Galactic Magneto-ionic Medium Survey: Moments of the Faraday Spectra}",
      journal = {\apj},
     keywords = {cosmic rays, ISM: magnetic fields, local interstellar matter, techniques: polarimetric, Astrophysics - Astrophysics of Galaxies, Astrophysics - Instrumentation and Methods for Astrophysics},
         year = 2019,
        month = jan,
       volume = {871},
       number = {1},
          eid = {106},
        pages = {106},
          doi = {10.3847/1538-4357/aaf85f},
archivePrefix = {arXiv},
       eprint = {1812.05399},
 primaryClass = {astro-ph.GA},
       adsurl = {https://ui.adsabs.harvard.edu/abs/2019ApJ...871..106D},
      adsnote = {Provided by the SAO/NASA Astrophysics Data System}
}


@ARTICLE{Planck_XXV,
       author = {{Planck Collaboration} and {Ade}, P.~A.~R. and {Aghanim}, N. and {Alves}, M.~I.~R. and {Arnaud}, M. and others},
        title = "{Planck 2015 results. XXV. Diffuse low-frequency Galactic foregrounds}",
      journal = {\aap},
     keywords = {diffuse radiation, ISM: general, radiation mechanisms: general, radio continuum: ISM, polarization, local insterstellar matter, Astrophysics - Astrophysics of Galaxies},
         year = 2016,
        month = sep,
       volume = {594},
          eid = {A25},
        pages = {A25},
          doi = {10.1051/0004-6361/201526803},
archivePrefix = {arXiv},
       eprint = {1506.06660},
 primaryClass = {astro-ph.GA},
       adsurl = {https://ui.adsabs.harvard.edu/abs/2016A&A...594A..25P},
      adsnote = {Provided by the SAO/NASA Astrophysics Data System}
}

@ARTICLE{Wieringa_1993,
       author = {{Wieringa}, M.~H. and {de Bruyn}, A.~G. and {Jansen}, D. and {Brouw}, W.~N. and {Katgert}, P.},
        title = "{Small scale polarization structure in the diffuse galactic emission at 325 MHz.}",
      journal = {\aap},
     keywords = {Polarized Electromagnetic Radiation, Radio Galaxies, Radio Spectra, Synchrotron Radiation, Astronomical Models, Brightness Temperature, Radio Emission, Astrophysics},
         year = 1993,
        month = feb,
       volume = {268},
        pages = {215-229},
       adsurl = {https://ui.adsabs.harvard.edu/abs/1993A&A...268..215W},
      adsnote = {Provided by the SAO/NASA Astrophysics Data System}
}

@ARTICLE{Haverkorn_2001,
       author = {{Haverkorn}, M. and {Katgert}, P. and {de Bruyn}, A.~G.},
        title = "{Parsec-scale structure in galactic disk and halo, from diffuse radio polarization}",
      journal = {arXiv e-prints},
     keywords = {Astrophysics},
         year = 2001,
        month = sep,
          eid = {astro-ph/0109312},
        pages = {astro-ph/0109312},
          doi = {10.48550/arXiv.astro-ph/0109312},
archivePrefix = {arXiv},
       eprint = {astro-ph/0109312},
 primaryClass = {astro-ph},
       adsurl = {https://ui.adsabs.harvard.edu/abs/2001astro.ph..9312H},
      adsnote = {Provided by the SAO/NASA Astrophysics Data System}
}

@ARTICLE{Haverkorn_2004,
       author = {{Haverkorn}, M. and {Katgert}, P. and {de Bruyn}, A.~G.},
        title = "{Structure in the polarized Galactic synchrotron emission,  in particular ``depolarization canals''}",
      journal = {\aap},
     keywords = {magnetic fields, polarization, techniques: polarimetric, ISM: magnetic fields, ISM: structure, radio continuum: ISM, Astrophysics},
         year = 2004,
        month = nov,
       volume = {427},
        pages = {549-559},
          doi = {10.1051/0004-6361:200400051},
archivePrefix = {arXiv},
       eprint = {astro-ph/0408115},
 primaryClass = {astro-ph},
       adsurl = {https://ui.adsabs.harvard.edu/abs/2004A&A...427..549H},
      adsnote = {Provided by the SAO/NASA Astrophysics Data System}
}

@ARTICLE{Sun_2015,
       author = {{Sun}, X.~H. and {Rudnick}, L. and {Akahori}, Takuya and {Anderson}, C.~S. and {Bell}, M.~R. and {Bray}, J.~D. and {Farnes}, J.~S. and {Ideguchi}, S. and {Kumazaki}, K. and {O'Brien}, T. and {O'Sullivan}, S.~P. and {Scaife}, A.~M.~M. and {Stepanov}, R. and {Stil}, J. and {Takahashi}, K. and {van Weeren}, R.~J. and {Wolleben}, M.},
        title = "{Comparison of Algorithms for Determination of Rotation Measure and Faraday Structure. I. 1100-1400 MHz}",
      journal = {\aj},
     keywords = {ISM: magnetic fields, magnetic fields, polarization, radio continuum: general, techniques: polarimetric, Astrophysics - Instrumentation and Methods for Astrophysics, Astrophysics - Cosmology and Nongalactic Astrophysics},
         year = 2015,
        month = feb,
       volume = {149},
       number = {2},
          eid = {60},
        pages = {60},
          doi = {10.1088/0004-6256/149/2/60},
archivePrefix = {arXiv},
       eprint = {1409.4151},
 primaryClass = {astro-ph.IM},
       adsurl = {https://ui.adsabs.harvard.edu/abs/2015AJ....149...60S},
      adsnote = {Provided by the SAO/NASA Astrophysics Data System}
}

@ARTICLE{Erceg_2022,
       author = {{Erceg}, Ana and {Jeli{\'c}}, Vibor and {Haverkorn}, Marijke and {Bracco}, Andrea and {Shimwell}, Timothy W. and {Tasse}, Cyril and {Dickey}, John M. and {Ceraj}, Lana and {Drabent}, Alexander and {Hardcastle}, Martin J. and {Turi{\'c}}, Luka},
        title = "{Faraday tomography of LoTSS-DR2 data. I. Faraday moments in the high-latitude outer Galaxy and revealing Loop III in polarisation}",
      journal = {\aap},
     keywords = {ISM: general, ISM: structure, ISM: magnetic fields, radio continuum: ISM, techniques: polarimetric, techniques: interferometric, Astrophysics - Astrophysics of Galaxies, Astrophysics - Instrumentation and Methods for Astrophysics},
         year = 2022,
        month = jul,
       volume = {663},
          eid = {A7},
        pages = {A7},
          doi = {10.1051/0004-6361/202142244},
archivePrefix = {arXiv},
       eprint = {2203.01351},
 primaryClass = {astro-ph.GA},
       adsurl = {https://ui.adsabs.harvard.edu/abs/2022A&A...663A...7E},
      adsnote = {Provided by the SAO/NASA Astrophysics Data System}
}

